@article{Abbott:2016blz,
      author         = "Abbott, B. P. and others",
      title          = "{Observation of Gravitational Waves from a Binary Black
                        Hole Merger}",
      collaboration  = "Virgo, LIGO Scientific",
      journal        = "Phys. Rev. Lett.",
      volume         = "116",
      year           = "2016",
      number         = "6",
      pages          = "061102",
      doi            = "10.1103/PhysRevLett.116.061102",
      eprint         = "1602.03837",
      archivePrefix  = "arXiv",
      primaryClass   = "gr-qc",
      reportNumber   = "LIGO-P150914",
      SLACcitation   = "%%CITATION = ARXIV:1602.03837;%%"
}

@article{Abbott:2016nmj,
      author         = "Abbott, B. P. and others",
      title          = "{GW151226: Observation of Gravitational Waves from a
                        22-Solar-Mass Binary Black Hole Coalescence}",
      collaboration  = "Virgo, LIGO Scientific",
      journal        = "Phys. Rev. Lett.",
      volume         = "116",
      year           = "2016",
      number         = "24",
      pages          = "241103",
      doi            = "10.1103/PhysRevLett.116.241103",
      eprint         = "1606.04855",
      archivePrefix  = "arXiv",
      primaryClass   = "gr-qc",
      reportNumber   = "LIGO-P151226",
      SLACcitation   = "%%CITATION = ARXIV:1606.04855;%%"
}

@article{Abbott:2017vtc,
      author         = "Abbott, Benjamin P. and others",
      title          = "{GW170104: Observation of a 50-Solar-Mass Binary Black
                        Hole Coalescence at Redshift 0.2}",
      collaboration  = "VIRGO, LIGO Scientific",
      journal        = "Phys. Rev. Lett.",
      volume         = "118",
      year           = "2017",
      number         = "22",
      pages          = "221101",
      doi            = "10.1103/PhysRevLett.118.221101,
                        10.1103/PhysRevLett.121.129901",
      note           = "[Erratum: Phys. Rev. Lett.121,no.12,129901(2018)]",
      eprint         = "1706.01812",
      archivePrefix  = "arXiv",
      primaryClass   = "gr-qc",
      reportNumber   = "LIGO-P170104",
      SLACcitation   = "%%CITATION = ARXIV:1706.01812;%%"
}

@article{Abbott:2017oio,
      author         = "Abbott, B. P. and others",
      title          = "{GW170814: A Three-Detector Observation of Gravitational
                        Waves from a Binary Black Hole Coalescence}",
      collaboration  = "Virgo, LIGO Scientific",
      journal        = "Phys. Rev. Lett.",
      volume         = "119",
      year           = "2017",
      number         = "14",
      pages          = "141101",
      doi            = "10.1103/PhysRevLett.119.141101",
      eprint         = "1709.09660",
      archivePrefix  = "arXiv",
      primaryClass   = "gr-qc",
      SLACcitation   = "%%CITATION = ARXIV:1709.09660;%%"
}

@article{Abbott:2017gyy,
      author         = "Abbott, B.. P.. and others",
      title          = "{GW170608: Observation of a 19-solar-mass Binary Black
                        Hole Coalescence}",
      collaboration  = "Virgo, LIGO Scientific",
      journal        = "Astrophys. J.",
      volume         = "851",
      year           = "2017",
      number         = "2",
      pages          = "L35",
      doi            = "10.3847/2041-8213/aa9f0c",
      eprint         = "1711.05578",
      archivePrefix  = "arXiv",
      primaryClass   = "astro-ph.HE",
      reportNumber   = "LIGO-DOCUMENT-P170608-V8",
      SLACcitation   = "%%CITATION = ARXIV:1711.05578;%%"
}

@article{TheLIGOScientific:2017qsa,
      author         = "Abbott, B.â€‰P. and others",
      title          = "{GW170817: Observation of Gravitational Waves from a
                        Binary Neutron Star Inspiral}",
      collaboration  = "Virgo, LIGO Scientific",
      journal        = "Phys. Rev. Lett.",
      volume         = "119",
      year           = "2017",
      number         = "16",
      pages          = "161101",
      doi            = "10.1103/PhysRevLett.119.161101",
      eprint         = "1710.05832",
      archivePrefix  = "arXiv",
      primaryClass   = "gr-qc",
      reportNumber   = "LIGO-P170817",
      SLACcitation   = "%%CITATION = ARXIV:1710.05832;%%"
}

@article{Fukuda:2002uc,
      author         = "Fukuda, Y. and others",
      title          = "{The Super-Kamiokande detector}",
      booktitle      = "{Advanced computing and analysis techniques in physics
                        research. Proceedings, 8th International Workshop, ACAT
                        2002, Moscow, Russia, June 24-28, 2002}",
      collaboration  = "Super-Kamiokande",
      journal        = "Nucl. Instrum. Meth.",
      volume         = "A501",
      year           = "2003",
      pages          = "418-462",
      doi            = "10.1016/S0168-9002(03)00425-X",
      SLACcitation   = "%%CITATION = NUIMA,A501,418;%%"
}

@article{mario,
    author          = "Nintendo",
    title           = "{Super Mario Bros$^\text{TM}$ Instruction Booklet}",
    year            = "1985",
    note            = "\href{https://www.nintendo.co.jp/clv/manuals/en/pdf/CLV-P-NAAAE.pdf}{https://www.nintendo.co.jp/clv/manuals/en/pdf/CLV-P-NAAAE.pdf} Accessed 12 October 2018."
}

@article{sonic2,
    author          = "SEGA",
    title           = "{Sonic the Hedgehog 2 Instruction Manual}",
    year            = "1992",
    note            = "\href{http://www.gamesdatabase.org/Media/SYSTEM/Sega_Genesis/Manual/formated/Sonic_The_Hedgehog_2_-_1992_-_Sega.pdf}{http://www.gamesdatabase.org/Media/SYSTEM/Sega\_Genesis/Manual/formated/Sonic\_The\_Hedgehog\_2\_-\_1992\_-\_Sega.pdf} Accessed 12 October 2018."

}
