@article{self,
    author          = "Berkowitz, Evan and Donnelly, William and Zhu, Sylvia",
    year            = "2019",
    title           = "{Superfluous Physics}"
}

@article{Abbott:2016blz,
      author         = "Abbott, B. P. and others",
      title          = "{Observation of Gravitational Waves from a Binary Black
                        Hole Merger}",
      collaboration  = "Virgo, LIGO Scientific",
      journal        = "Phys. Rev. Lett.",
      volume         = "116",
      year           = "2016",
      number         = "6",
      pages          = "061102",
      doi            = "10.1103/PhysRevLett.116.061102",
      eprint         = "1602.03837",
      archivePrefix  = "arXiv",
      primaryClass   = "gr-qc",
      reportNumber   = "LIGO-P150914",
      SLACcitation   = "%%CITATION = ARXIV:1602.03837;%%"
}

@article{Abbott:2016nmj,
      author         = "Abbott, B. P. and others",
      title          = "{GW151226: Observation of Gravitational Waves from a
                        22-Solar-Mass Binary Black Hole Coalescence}",
      collaboration  = "Virgo, LIGO Scientific",
      journal        = "Phys. Rev. Lett.",
      volume         = "116",
      year           = "2016",
      number         = "24",
      pages          = "241103",
      doi            = "10.1103/PhysRevLett.116.241103",
      eprint         = "1606.04855",
      archivePrefix  = "arXiv",
      primaryClass   = "gr-qc",
      reportNumber   = "LIGO-P151226",
      SLACcitation   = "%%CITATION = ARXIV:1606.04855;%%"
}

@article{Abbott:2017vtc,
      author         = "Abbott, Benjamin P. and others",
      title          = "{GW170104: Observation of a 50-Solar-Mass Binary Black
                        Hole Coalescence at Redshift 0.2}",
      collaboration  = "VIRGO, LIGO Scientific",
      journal        = "Phys. Rev. Lett.",
      volume         = "118",
      year           = "2017",
      number         = "22",
      pages          = "221101",
      doi            = "10.1103/PhysRevLett.118.221101,
                        10.1103/PhysRevLett.121.129901",
      note           = "[Erratum: Phys. Rev. Lett.121,no.12,129901(2018)]",
      eprint         = "1706.01812",
      archivePrefix  = "arXiv",
      primaryClass   = "gr-qc",
      reportNumber   = "LIGO-P170104",
      SLACcitation   = "%%CITATION = ARXIV:1706.01812;%%"
}

@article{Abbott:2017oio,
      author         = "Abbott, B. P. and others",
      title          = "{GW170814: A Three-Detector Observation of Gravitational
                        Waves from a Binary Black Hole Coalescence}",
      collaboration  = "Virgo, LIGO Scientific",
      journal        = "Phys. Rev. Lett.",
      volume         = "119",
      year           = "2017",
      number         = "14",
      pages          = "141101",
      doi            = "10.1103/PhysRevLett.119.141101",
      eprint         = "1709.09660",
      archivePrefix  = "arXiv",
      primaryClass   = "gr-qc",
      SLACcitation   = "%%CITATION = ARXIV:1709.09660;%%"
}

@article{Abbott:2017gyy,
      author         = "Abbott, B.P. and others",
      title          = "{GW170608: Observation of a 19-solar-mass Binary Black
                        Hole Coalescence}",
      collaboration  = "Virgo, LIGO Scientific",
      journal        = "Astrophys. J.",
      volume         = "851",
      year           = "2017",
      number         = "2",
      pages          = "L35",
      doi            = "10.3847/2041-8213/aa9f0c",
      eprint         = "1711.05578",
      archivePrefix  = "arXiv",
      primaryClass   = "astro-ph.HE",
      reportNumber   = "LIGO-DOCUMENT-P170608-V8",
      SLACcitation   = "%%CITATION = ARXIV:1711.05578;%%"
}

@article{TheLIGOScientific:2017qsa,
      author         = "Abbott, B.P. and others",
      title          = "{GW170817: Observation of Gravitational Waves from a
                        Binary Neutron Star Inspiral}",
      collaboration  = "Virgo, LIGO Scientific",
      journal        = "Phys. Rev. Lett.",
      volume         = "119",
      year           = "2017",
      number         = "16",
      pages          = "161101",
      doi            = "10.1103/PhysRevLett.119.161101",
      eprint         = "1710.05832",
      archivePrefix  = "arXiv",
      primaryClass   = "gr-qc",
      reportNumber   = "LIGO-P170817",
      SLACcitation   = "%%CITATION = ARXIV:1710.05832;%%"
}

@article{Fukuda:2002uc,
      author         = "Fukuda, Y. and others",
      title          = "{The Super-Kamiokande detector}",
      booktitle      = "{Advanced computing and analysis techniques in physics
                        research. Proceedings, 8th International Workshop, ACAT
                        2002, Moscow, Russia, June 24-28, 2002}",
      collaboration  = "Super-Kamiokande",
      journal        = "Nucl. Instrum. Meth.",
      volume         = "A501",
      year           = "2003",
      pages          = "418-462",
      doi            = "10.1016/S0168-9002(03)00425-X",
      SLACcitation   = "%%CITATION = NUIMA,A501,418;%%"
}

@article{Deutsch:1991nm,
      author         = "Deutsch, David",
      title          = "{Quantum mechanics near closed timelike lines}",
      journal        = "Phys. Rev.",
      volume         = "D44",
      year           = "1991",
      pages          = "3197-3217",
      doi            = "10.1103/PhysRevD.44.3197",
      SLACcitation   = "%%CITATION = PHRVA,D44,3197;%%"
}

@article{mario,
    author          = "Nintendo",
    title           = "{Super Mario Bros$^\text{TM}$ Instruction Booklet}",
    year            = "1985",
    note            = "\url{https://www.nintendo.co.jp/clv/manuals/en/pdf/CLV-P-NAAAE.pdf}."
}

@article{sonic2,
    author          = "SEGA",
    title           = "{Sonic the Hedgehog 2 Instruction Manual}",
    year            = "1992",
    note            = "\url{http://www.gamesdatabase.org/Media/SYSTEM/Sega_Genesis/Manual/formated/Sonic_The_Hedgehog_2_-_1992_-_Sega.pdf}."

}


@article{tippett:2009,
    author          = "Tippett, Ben",
    title           = "{A Unified Theory of Superman's Powers}",
    year            = "2009",
    note            = "\url{http://www.qwantz.com/fanart/superman.pdf}."
}

@article{doi:10.1143/PTP.36.1266,
    author = {Miyazawa, Hironari},
    title = {Baryon Number Changing Currents},
    journal = {Progress of Theoretical Physics},
    volume = {36},
    number = {6},
    pages = {1266-1276},
    year = {1966},
    doi = {10.1143/PTP.36.1266},
    URL = {http://dx.doi.org/10.1143/PTP.36.1266}
}

@article{Gervais:1971ji,
      author         = "Gervais, Jean-Loup and Sakita, B.",
      title          = "{Field Theory Interpretation of Supergauges in Dual
                        Models}",
      journal        = "Nucl. Phys.",
      volume         = "B34",
      year           = "1971",
      pages          = "632-639",
      doi            = "10.1016/0550-3213(71)90351-8",
      note           = "[,154(1971)]",
      SLACcitation   = "%%CITATION = NUPHA,B34,632;%%"
}

@article{Volkov:1973ix,
      author         = "Volkov, D. V. and Akulov, V. P.",
      title          = "{Is the Neutrino a Goldstone Particle?}",
      journal        = "Phys. Lett.",
      volume         = "46B",
      year           = "1973",
      pages          = "109-110",
      doi            = "10.1016/0370-2693(73)90490-5",
      SLACcitation   = "%%CITATION = PHLTA,46B,109;%%"
}

@article{Wess:1974tw,
      author         = "Wess, J. and Zumino, B.",
      title          = "{Supergauge Transformations in Four-Dimensions}",
      journal        = "Nucl. Phys.",
      volume         = "B70",
      year           = "1974",
      pages          = "39-50",
      doi            = "10.1016/0550-3213(74)90355-1",
      note           = "[,24(1974)]",
      SLACcitation   = "%%CITATION = NUPHA,B70,39;%%"
}

@article{Ramond:1971gb,
      author         = "Ramond, Pierre",
      title          = "{Dual Theory for Free Fermions}",
      journal        = "Phys. Rev.",
      volume         = "D3",
      year           = "1971",
      pages          = "2415-2418",
      doi            = "10.1103/PhysRevD.3.2415",
      reportNumber   = "FERMILAB-PUB-70-008-T, FERMILAB-PUB-70-008-THY,
                        NAL-THY-8",
      SLACcitation   = "%%CITATION = PHRVA,D3,2415;%%"
}

@article{supergroups,
    author      = "John Gilliland",
    title       = "{The Pop Chronicles 53 - String Man}",
    note        = "\url{https://digital.library.unt.edu/ark:/67531/metadc19835/m1/\#track/1}."
}

@article{supersuperblues,
    author      = "Diddley, Bo and Waters, Muddy and Wolf Howlin'",
    collaboration = "The Super Super Blues Band",
    year        = "1968",
    title       = "{The Super Super Blues Band}",
    note        = "{MCA Records}"
}

@article{asimov:1948,
    author      = "Asimov, Isaac",
    title       = "{The Endochronic Properties of Resublimated Thiotimoline}",
    year        = "1948",
    volume      = "March",
    journal     = "Astounding Science Fiction"
}

@article{asimov:1953,
    author      = "Asimov, Isaac",
    title       = "{The Micropsychiatric Applications of Thiotimoline}",
    year        = "1953",
    volume      = "December",
    journal     = "Astounding Science Fiction"
}

@inproceedings{asimov:1960,
    author      = "Asimov, Isaac",
    title       = "{Thiotimoline and the Space Age}",
    crossref    = {american-chronochemical-society-1960}
}
    
@proceedings{american-chronochemical-society-1960,
    booktitle = "{Proceedings of the American Chronochemical Society}",
    year = "1960",
    publisher = "Analog Science Fiction and Fact"
}

@article{vernon:2022,
    author      = "Vernon, Admiral",
    title       = "{Thiotimoline to the Stars}",
    journal     = "Astounding",
    publisher   = "Random House",
    year        = "3722"
}

@article{Detmold:2014qqa,
      author         = "Detmold, William and McCullough, Matthew and Pochinsky,
                        Andrew",
      title          = "{Dark Nuclei I: Cosmology and Indirect Detection}",
      journal        = "Phys. Rev.",
      volume         = "D90",
      year           = "2014",
      number         = "11",
      pages          = "115013",
      doi            = "10.1103/PhysRevD.90.115013",
      eprint         = "1406.2276",
      archivePrefix  = "arXiv",
      primaryClass   = "hep-ph",
      reportNumber   = "MIT-CTP-4554",
      SLACcitation   = "%%CITATION = ARXIV:1406.2276;%%"
}

@article{Detmold:2014kba,
      author         = "Detmold, William and McCullough, Matthew and Pochinsky,
                        Andrew",
      title          = "{Dark nuclei. II. Nuclear spectroscopy in two-color QCD}",
      journal        = "Phys. Rev.",
      volume         = "D90",
      year           = "2014",
      number         = "11",
      pages          = "114506",
      doi            = "10.1103/PhysRevD.90.114506",
      eprint         = "1406.4116",
      archivePrefix  = "arXiv",
      primaryClass   = "hep-lat",
      reportNumber   = "MIT-CTP-4555",
      SLACcitation   = "%%CITATION = ARXIV:1406.4116;%%"
}

@article{fox:2005,
    author          = "Fox, P.J. and Kaplan, D.E. and Katz, E. and Poppitz, E. and Sanz, V. and Schmaltz, M. and Schwartz, M.D. and Weiner, N.",
    title           = "{Supersplit Supersymmetry}",
    year            = "2005",
    eprint          = "hep-th/0503249",
    archivePrefix   = "arXiv"
}

@article{Binns:2014xpa,
      author         = "Binns, W. R. and others",
      title          = "{The SuperTIGER Instrument: Measurement of Elemental
                        Abundances of Ultra-Heavy Galactic Cosmic Rays}",
      journal        = "Astrophys. J.",
      volume         = "788",
      year           = "2014",
      pages          = "18",
      doi            = "10.1088/0004-637X/788/1/18",
      SLACcitation   = "%%CITATION = ASJOA,788,18;%%"
}

@article{vanNieuwenhuizen:2016,
      author        = "van Nieuwenhuizen, Peter",
      title         = "{From Quantum Field Theory to Supergravity and Back: Personal Recollections of the Early Days Before and After the Birth of Supergravity}",
      year          = "{2016}",
      date          = "24 June 2016",
      note          = {Talk at ``Celebrating Supergravity at 40'' at CERN.  \url{https://indico.cern.ch/event/527162/contributions/2159005/}.}
}

@article{10.2307/20490744,
 ISSN = {00358975},
 URL = {http://www.jstor.org/stable/20490744},
 author = {E. Schrödinger},
 journal = {Proceedings of the Royal Irish Academy. Section A: Mathematical and Physical Sciences},
 pages = {9--16},
 publisher = {Royal Irish Academy},
 title = {A Method of Determining Quantum-Mechanical Eigenvalues and Eigenfunctions},
 volume = {46},
 year = {1940}
}

@article{RevModPhys.23.21,
  title = {The Factorization Method},
  author = {Infeld, L. and Hull, T. E.},
  journal = {Rev. Mod. Phys.},
  volume = {23},
  issue = {1},
  pages = {21--68},
  numpages = {0},
  year = {1951},
  month = {Jan},
  publisher = {American Physical Society},
  doi = {10.1103/RevModPhys.23.21},
  url = {https://link.aps.org/doi/10.1103/RevModPhys.23.21}
}


@article{PhysRevLett.69.2881,
  title = {Communication via one- and two-particle operators on {Einstein-Podolsky-Rosen} states},
  author = {Bennett, Charles H. and Wiesner, Stephen J.},
  journal = {Phys. Rev. Lett.},
  volume = {69},
  issue = {20},
  pages = {2881--2884},
  numpages = {0},
  year = {1992},
  month = {Nov},
  publisher = {American Physical Society},
  doi = {10.1103/PhysRevLett.69.2881},
  url = {https://link.aps.org/doi/10.1103/PhysRevLett.69.2881}
}

@article{chicken,
    title = "{Chicken Chicken Chicken: Chicken Chicken}",
    author = {Zongker, Douglas},
    journal = {Annals of Improbable Research},
    pages = {16-21},
    year  = {2006},
    month = {September-October},
    url   = {https://www.improbable.com/airchives/paperair/volume12/v12i5/chicken-12-5.pdf}
}

@article{buffalo,
    title = "{Parsing Challenges}",
    author = "{Rapaport, William J.}",
    url     = {https://linguistlist.org/issues/3/3-175.html#1},
    date    = {19 February 1992},
    volume  = {3.154},
    pages   = {19 February 1992},
    journal = {Linguist List}
    
}

@article{Preskill:2012tg,
      author         = "Preskill, John",
      title          = "{Quantum computing and the entanglement frontier}",
      year           = "2012",
      eprint         = "1203.5813",
      archivePrefix  = "arXiv",
      primaryClass   = "quant-ph",
      reportNumber   = "CALT-68-2867",
      SLACcitation   = "%%CITATION = ARXIV:1203.5813;%%"
}

@article{Brown:2017mhw,
      author         = "Brown, M. A. -P. and others",
      title          = "{New result for the neutron $\beta$-asymmetry parameter
                        $A_0$ from UCNA}",
      collaboration  = "UCNA",
      journal        = "Phys. Rev.",
      volume         = "C97",
      year           = "2018",
      number         = "3",
      pages          = "035505",
      doi            = "10.1103/PhysRevC.97.035505",
      eprint         = "1712.00884",
      archivePrefix  = "arXiv",
      primaryClass   = "nucl-ex",
      SLACcitation   = "%%CITATION = ARXIV:1712.00884;%%"
}

@article{Markisch:2018ndu,
      author         = "Märkisch, B. and others",
      title          = "{Measurement of the Weak Axial-Vector Coupling Constant
                        in the Decay of Free Neutrons Using a Pulsed Cold Neutron
                        Beam}",
      year           = "2018",
      eprint         = "1812.04666",
      archivePrefix  = "arXiv",
      primaryClass   = "nucl-ex",
      SLACcitation   = "%%CITATION = ARXIV:1812.04666;%%"
}
